@article{OPCIONS,
  title={Опционы: Волатильность и оценка стоимости. Стратегии и методы опционной торговли},
  author={Натенберг, Шелдон},
  journal={М.: Альпина Паблишер},
  pages={546},
  year={2011},
  language = "russian"
}

@incollection{wei2006time,
  title={Time series analysis},
  author={Wei, William WS},
  booktitle={The Oxford Handbook of Quantitative Methods in Psychology: Vol. 2},
  year={2006}
}

@book{wagner1993trading,
  title={Trading applications of Japanese candlestick charting},
  author={Wagner, Gary S and Matheny, Bradley L},
  volume={38},
  year={1993},
  publisher={John Wiley \& Sons}
}

@book{schwager1995technical,
  title={Technical analysis},
  author={Schwager, Jack D},
  volume={43},
  year={1995},
  publisher={John Wiley \& Sons}
}

@BOOK{YF,
  title={Yahoo Finance [{Э}лектронный ресурс]},
  note={URL:~\url{https://finance.yahoo.com/} (Дата обращения 09.06.2022). Загл. с экр. Яз. рус.},
}

@book{colby2003encyclopedia,
  title={The encyclopedia of technical market indicators},
  author={Colby, Robert W},
  year={2003},
  publisher={McGraw-Hill}
}

@BOOK{YFLIB,
  title={yfinance Library -- A Complete Guide [{Э}лектронный ресурс]},
  note={URL:~\url{https://algotrading101.com/learn/yfinance-guide/} (Дата обращения 09.06.2022). Загл. с экр. Яз. рус.},
}

@book{tosi2009matplotlib,
  title={Matplotlib for Python developers},
  author={Tosi, Sandro},
  year={2009},
  publisher={Packt Publishing Ltd}
}

@inproceedings{HIST,
  title={Развитие биржевых технологий в эпоху информационной экономики},
  author={Усенко, Роман Станиславович and Троценко, Анастасия Юрьевна},
  booktitle={Теория и практика экономики и предпринимательства},
  pages={245--246},
  year={2021},
  language = "russian"
}

@book{GF,
  title={Глубокое обучение},
  author={Гудфеллоу, Ян and Иошуа, Бенджио and Курвилль, Аарон},
  year={2022},
  publisher={Litres}
}

@article{SHUMKOV,
  title={Распознавание фигур технического анализа с помощью нейронных сетей},
  author={Шумков, Евгений Александрович and Ботин, Валерий Александрович and Карлов, Дмитрий Николаевич},
  journal={Политематический сетевой электронный научный журнал Кубанского государственного аграрного университета},
  number={65},
  pages={120--129},
  year={2011},
  publisher={Федеральное государственное образовательное учреждение высшего образования~…},
  language = "russian"
}